
@article{deisenroth_survey_2013,
	title = {A {Survey} on {Policy} {Search} for {Robotics}},
	volume = {2},
	number = {1-2},
	urldate = {2013-09-27},
	journal = {Foundations and Trends in Robotics},
	author = {Deisenroth, Marc Peter and Neumann, Gerhard and Peters, Jan},
	year = {2013},
	keywords = {multi-task-learning, policy-search, robotics, survey},
	pages = {1--142},
}

@article{calandra_bayesian_2015,
	title = {Bayesian {Optimization} for {Learning} {Gaits} under {Uncertainty}},
	journal = {Annals of Mathematics and Artificial Intelligence (AMAI)},
	author = {Calandra, Roberto and Seyfarth, André and Peters, Jan and Deisenroth, Marc P.},
	year = {2015},}


@inproceedings{calandra_bayesian_2014,
	title = {Bayesian gait optimization for bipedal locomotion},
	urldate = {2014-08-11},
	booktitle = {Proceedings of {Learning} and {Intelligent} {OptimizatioN} {Conference} ({LION}8)},
	author = {Calandra, Roberto and Gopalan, Nakul and Seyfarth, Andr{\'e} and Peters, Jan and Deisenroth, Marc Peter},
	year = {2014},
	keywords = {batch-learning, bayesian-learning, bayesian-optimization, gaussian-process, locomotion, optimization},
}

@techreport{brochu_tutorial_2010,
	title = {A tutorial on {Bayesian} optimization of expensive cost functions, with application to active user modeling and hierarchical reinforcement learning},
	author = {Brochu, Eric and Cora, Vlad M. and De Freitas, Nando},
}

@article{byrd_limited-memory_1995,
	title = {A {Limited}-{Memory} {Algorithm} for {Bound} {Constrained} {Optimization}},
	volume = {16},
	journal = {SIAM Journal on Scientific Computing},
	author = {Byrd, Richard H. and Lu, Peihuang and Nocedal, Jorge and Zhu, Ciyou},
	year = {1995},
	keywords = {optimization},
	pages = {1190--1208},
}

@article{jones_lipschitzian_1993,
	title = {Lipschitzian optimization without the {Lipschitz} constant},
	volume = {79},
	language = {en},
	number = {1},
	urldate = {2014-04-14},
	journal = {Journal of Optimization Theory and Applications},
	author = {Jones, D. R. and Perttunen, C. D. and Stuckman, B. E.},
	month = oct,
	year = {1993},
	keywords = {optimization},
	pages = {157--181},
}

@book{rasmussen_gaussian_2006,
	title = {Gaussian {Processes} for {Machine} {Learning}},
	publisher = {MIT Press},
	author = {Rasmussen, Carl and Williams, Christopher},
	year = {2006},
	keywords = {gaussian-process},
}

@article{fabisch_accounting_2015,
	title = {Accounting for {Task}-{Difficulty} in {Active} {Multi}-{Task} {Robot} {Control} {Learning}},
	issn = {0933-1875, 1610-1987},
	language = {en},
	urldate = {2015-05-05},
	journal = {KI - K{\"u}nstliche Intelligenz},
	author = {Fabisch, Alexander and Metzen, Jan Hendrik and Krell, Mario Michael and Kirchner, Frank},
	month = may,
	year = {2015},
	keywords = {active-learning, multi-task-learning, policy-search},
	pages = {1--9},
}

@article{ijspeert_dynamical_2013,
	title = {Dynamical {Movement} {Primitives}: {Learning} {Attractor} {Models} for {Motor} {Behaviors}},
	volume = {25},
	issn = {0899-7667},
	shorttitle = {Dynamical {Movement} {Primitives}},
	urldate = {2012-11-21},
	journal = {Neural Computation},
	author = {Ijspeert, Auke Jan and Nakanishi, Jun and Hoffmann, Heiko and Pastor, Peter and Schaal, Stefan},
	year = {2013},
	keywords = {learning-by-imitation, motor-primitive, policy-representation},
	pages = {1--46},
}

@inproceedings{peters_relative_2010,
	address = {Atlanta, Georgia, USA},
	title = {Relative {Entropy} {Policy} {Search}},
	urldate = {2012-06-07},
	booktitle = {Proceedings of the {Twenty}-{Fourth} {AAAI} {Conference} on {Artificial} {Intelligence}},
	publisher = {AAAI Press},
	author = {Peters, Jan and M{\"u}lling, Katharina and Altun, Yasemin},
	year = {2010},
	keywords = {motor-primitive, policy-search},
}

@inproceedings{kupcsik_data-efficient_2013,
	title = {Data-{Efficient} {Generalization} of {Robot} {Skills} with {Contextual} {Policy} {Search}},
	language = {en},
	urldate = {2015-07-01},
	booktitle = {27th {AAAI} {Conference} on {Artificial} {Intelligence}},
	author = {Kupcsik, Andras Gabor and Deisenroth, Marc Peter and Peters, Jan and Neumann, Gerhard},
	month = jun,
	year = {2013},
}

@inproceedings{snoek_practical_2012,
	title = {Practical {Bayesian} {Optimization} of {Machine} {Learning} {Algorithms}},
	urldate = {2014-04-10},
	booktitle = {Advances in {Neural} {Information} {Processing} {Systems} 25},
	author = {Snoek, Jasper and Larochelle, Hugo and Adams, Ryan P},
	year = {2012},
	keywords = {bayesian-learning, bayesian-optimization, gaussian-process, optimization},
	pages = {2951--2959},
}


@inproceedings{lizotte_automatic_2007,
	title = {Automatic gait optimization with gaussian process regression},
	author = {Lizotte, Daniel and Wang, Tao and Bowling, Michael and Schuurmans, Dale},
	year = {2007},
	keywords = {bayesian-learning, bayesian-optimization, gaussian-process, locomotion, optimization},
	pages = {944--949},
}

@article{fabisch_active_2014,
	title = {Active Contextual Policy Search},
	volume = {15},
	urldate = {2014-11-07},
	journal = {Journal of Machine Learning Research},
	author = {Fabisch, Alexander and Metzen, Jan Hendrik},
	year = {2014},
	keywords = {active-learning, policy-search, transfer-learning},
	pages = {3371--3399}
}

@article{kirchner_q-learning_1998,
	title = {Q-{Learning} of complex behaviours on a six-legged walking machine},
	volume = {25},
	journal = {Journal of Robotics and Autonomous Systems},
	author = {Kirchner, Frank},
	year = {1998},
	keywords = {hierarchical-rl},
	pages = {256--263},
}

@inproceedings{rommermann_learning_2008,
	title = {Learning {Walking} {Patterns} for {Kinematically} {Complex} {Robots} {Using} {Evolution} {Strategies}},
	booktitle = {Parallel {Problem} {Solving} from {Nature} – {PPSN} {X}},
	author = {R{\"o}mmermann, Malte and Edgington, Mark and Metzen, Jan Hendrik and de Gea, Jose and Kassahun, Yohannes and Kirchner, Frank},
	year = {2008},
	pages = {1091--1100},
}

@article{metzen_incremental_2013,
	title = {Incremental {Learning} of {Skill} {Collections} based on {Intrinsic} {Motivation}},
	volume = {7},
	number = {11},
	journal = {Frontiers in Neurorobotics},
	author = {Metzen, Jan Hendrik and Kirchner, Frank},
	year = {2013},
	keywords = {graph, hierarchical-rl, lifelong-learning, motivation, skill-discovery, temporal-abstraction},
	pages = {1--12},
}

@inproceedings{COMPI,
    year = {2015},
    title = {{COMPI}: Development of a 6-{DOF} Compliant Robot Arm for Human-Robot Cooperation},
    booktitle = {Proceedings of the 8th International Workshop on Human-Friendly Robotics  (HFR-2015)},
    author = {Bargsten, Vinzenz and de Gea, Jose},
    organization = {Technische Universit{\"a}t M{\"u}nchen (TUM)},
	month = oct,
	year = {2015},
}


@article{kroemer_combining_2010,
	title = {Combining active learning and reactive control for robot grasping},
	volume = {58},
	issn = {0921-8890},
	number = {9},
	urldate = {2011-06-22},
	journal = {Robot. Auton. Syst.},
	author = {Kroemer, O. B and Detry, R. and Piater, J. and Peters, J.},
	month = sep,
	year = {2010},
	keywords = {active-learning, grasping, learning-by-imitation, motor-primitive, reinforcement-learning, robotics},
	pages = {1105--1116},
}

@article{Kober2012,
  title = {Reinforcement learning to adjust parametrized motor primitives to new situations},
  author = {Kober, Jens and Wilhelm, Andreas and Oztop, Erhan and Peters, Jan},
  journal = {Autonomous Robots},
  year = 2012,
  volume = 33,
  number = 4,
  pages = {361--379}
}

@article{hennig_entropy_2012,
	title = {Entropy {Search} for {Information}-{Efficient} {Global} {Optimization}},
	volume = {13},
	journal = {JMLR},
	author = {Hennig, Philipp and Schuler, Christian J.},
	year = {2012},
	keywords = {bayesian-learning, bayesian-optimization},
	pages = {1809--1837},
}

@inproceedings{srinivas_gaussian_2010,
	title = {Gaussian Process Optimization in the Bandit Setting: No Regret and Experimental Design},
	booktitle = {Proceedings of the 27th International Conference on Machine Learning},
	author = {Srinivas, Niranjan and Krause, Andreas and Seeger, Matthias},
	year = {2010},
	keywords = {bayesian-learning, optimization},
}

@inproceedings{metzen_bayesian_2015,
	address = {Hamburg},
	title = {Bayesian {Optimization} for {Contextual} {Policy} {Search}},
	booktitle = {Proceedings of the {Second} {Machine} {Learning} in {Planning} and {Control} of {Robot} {Motion} {Workshop}.},
	publisher = {IROS},
	author = {Metzen, Jan Hendrik and Fabisch, Alexander and Hansen, Jonas},
	year = {2015},
	keywords = {bayesian-optimization, multi-task-learning, policy-search},
	file = {main.pdf:/home/jmetzen/.mozilla/firefox/gjswjpiw.default/zotero/storage/8X5FVQ3R/main.pdf:application/pdf}
}

@inproceedings{ruvolo_active_2013,
	title = {Active {Task} {Selection} for {Lifelong} {Machine} {Learning}},
	abstract = {Active Task Selection for Lifelong Machine Learning},
	language = {en},
	urldate = {2013-12-11},
	booktitle = {Twenty-{Seventh} {AAAI} {Conference} on {Artificial} {Intelligence}},
	author = {Ruvolo, Paul and Eaton, Eric},
	month = jun,
	year = {2013},
	keywords = {active-learning, lifelong-learning, transfer-learning},
}

@inproceedings{wang_bayesian_2013,
	title = {Bayesian {Optimization} in {High} {Dimensions} via {Random} {Embeddings}},
	url = {http://www.cs.ubc.ca/ hutter/papers/13-IJCAI-BO-highdim.pdf},
	booktitle = {International {Joint} {Conferences} on {Artificial} {Intelligence} ({IJCAI})},
	author = {Wang, Ziyu and Zoghi, Masrour and Hutter, Frank and Matheson, David and Freitas, Nando de},
	year = {2013},
	keywords = {bayesian-learning, bayesian-optimization, dimensionality-reduction},
	file = {13-IJCAI-BO-highdim.pdf:/home/jmetzen/Documents/Zotero/storage/3ESU5668/13-IJCAI-BO-highdim.pdf:application/pdf}
}

@article{hansen_completely_2001,
	title = {Completely derandomized self-adaptation in evolution strategies},
	volume = {9},
	url = {http://citeseerx.ist.psu.edu/viewdoc/summary?doi=10.1.1.13.7462},
	doi = {10.1.1.13.7462},
	urldate = {2008-12-04},
	journal = {Evolutionary Computation},
	author = {Hansen, Nikolaus and Ostermeier, Andreas},
	year = {2001},
	keywords = {evolutionary-algorithms, evolution-strategies},
	pages = {159--195},
	file = {cmaes.pdf:/home/jmetzen/Documents/Zotero/storage/XWDAU5XE/cmaes.pdf:application/pdf}
}

@inproceedings{krause_contextual_2011,
	title = {Contextual {Gaussian} {Process} {Bandit} {Optimization}},
	urldate = {2015-11-12},
	booktitle = {Advances in {Neural} {Information} {Processing} {Systems} 24},
	author = {Krause, Andreas and Ong, Cheng S.},
	year = {2011},
	keywords = {bayesian-optimization, multi-task-learning},
	pages = {2447--2455},
}

@inproceedings{swersky_multi-task_2013,
	title = {Multi-{Task} {Bayesian} {Optimization}},
	urldate = {2015-06-24},
	booktitle = {Advances in {Neural} {Information} {Processing} {Systems} 26},
	publisher = {Curran Associates, Inc.},
	author = {Swersky, Kevin and Snoek, Jasper and Adams, Ryan P},
	editor = {Burges, C. J. C. and Bottou, L. and Welling, M. and Ghahramani, Z. and Weinberger, K. Q.},
	year = {2013},
	keywords = {bayesian-learning, bayesian-optimization, multi-task-learning},
	pages = {2004--2012},
}

@inproceedings{metzen_active_2015,
	address = {Montreal, Qu{\'e}bec, Canada},
	title = {Active {Contextual} {Entropy} {Search}},
	booktitle = {Proceedings of {NIPS} {Workshop} on {Bayesian} {Optimization}},
	author = {Metzen, Jan Hendrik},
	year = {2015},
	keywords = {active-learning, bayesian-optimization, multi-task-learning, policy-search},
	pages = {5},
}

@incollection{bubeck_pure_2009,
	series = {Lecture {Notes} in {Computer} {Science}},
	title = {Pure {Exploration} in {Multi}-armed {Bandits} {Problems}},
	number = {5809},
	urldate = {2015-11-12},
	booktitle = {Algorithmic {Learning} {Theory}},
	publisher = {Springer Berlin Heidelberg},
	author = {Bubeck, S{\'e}bastien and Munos, R{\'e}mi and Stoltz, Gilles},
	month = oct,
	year = {2009},
	pages = {23--37},
}

@inproceedings{hernandez-lobato_predictive_2014,
	title = {Predictive {Entropy} {Search} for {Efficient} {Global} {Optimization} of {Black}-box {Functions}},
	booktitle = {Advances in {Neural} {Information} {Processing} {Systems} 27},
	author = {Hern{\'a}ndez-Lobato, Jos{\'e} Miguel and Hoffman, Matthew W and Ghahramani, Zoubin},
	year = {2014},
	pages = {918--926},
}

@inproceedings{shahriari_entropy_2014,
	title = {An {Entropy} {Search} {Portfolio} for {Bayesian} {Optimization}},
	urldate = {2015-11-12},
	booktitle = {{NIPS} workshop on {Bayesian} optimization},
	author = {Shahriari, Bobak and Wang, Ziyu and Hoffman, Matthew W. and Bouchard-C{\^o}t{\'e}, Alexandre and de Freitas, Nando},
	year = {2014},
	keywords = {bayesian-optimization},
}

@article{shahriari_taking_2016,
	title = {Taking the {Human} {Out} of the {Loop}: {A} {Review} of {Bayesian} {Optimization}},
	volume = {104},
	shorttitle = {Taking the {Human} {Out} of the {Loop}},
	number = {1},
	journal = {Proceedings of the IEEE},
	author = {Shahriari, B. and Swersky, K. and Wang, Z. and Adams, R.P. and de Freitas, N.},
	month = jan,
	year = {2016},
	keywords = {bayesian-learning, bayesian-optimization, optimization},
	pages = {148--175},
	file = {IEEE Xplore Abstract Record:/home/jmetzen/Documents/Zotero/storage/5TNWFWXR/abs_all.html:text/html;IEEE Xplore Full Text PDF:/home/jmetzen/Documents/Zotero/storage/KKGFABX7/Shahriari et al. - 2016 - Taking the Human Out of the Loop A Review of Baye.pdf:application/pdf}
}


@article{kushner_new_1964,
	title = {A {New} {Method} of {Locating} the {Maximum} {Point} of an {Arbitrary} {Multipeak} {Curve} in the {Presence} of {Noise}},
	volume = {86},
	number = {1},
	journal = {Journal of Fluids Engineering},
	author = {Kushner, H. J.},
	year = {1964},
	pages = {97--106},
}

@article{jones_taxonomy_2001,
	title = {A {Taxonomy} of {Global} {Optimization} {Methods} {Based} on {Response} {Surfaces}},
	volume = {21},
	language = {en},
	number = {4},
	urldate = {2016-01-22},
	journal = {Journal of Global Optimization},
	author = {Jones, Donald R.},
	year = {2001},
	keywords = {bayesian-optimization},
	pages = {345--383},
}

@article{mockus_application_1978,
	title = {The application of {Bayesian} methods for seeking the extremum},
	volume = {2},
	journal = {Toward Global Optimization},
	author = {Mockus, J. and Tiesis, V. and Zilinskas, A.},
	year = {1978},
	keywords = {bayesian-optimization},
	annote = {This is expected improvement (EI)}
}

@article{villemonteix_informational_2008,
	title = {An informational approach to the global optimization of expensive-to-evaluate functions},
	volume = {44},
	language = {en},
	number = {4},
	urldate = {2016-01-26},
	journal = {Journal of Global Optimization},
	author = {Villemonteix, Julien and Vazquez, Emmanuel and Walter, Eric},
	month = sep,
	year = {2008},
	keywords = {bayesian-learning, bayesian-optimization},
	pages = {509--534},
}

@article{kahn_methods_1953,
	title = {Methods of {Reducing} {Sample} {Size} in {Monte} {Carlo} {Computations}},
	volume = {1},
	issn = {0096-3984},
	number = {5},
	urldate = {2016-01-26},
	journal = {Journal of the Operations Research Society of America},
	author = {Kahn, H. and Marshall, A. W.},
	month = nov,
	year = {1953},
	pages = {263--278},
}

@inproceedings{bergstra_algorithms_2011,
	title = {Algorithms for {Hyper}-{Parameter} {Optimization}},
	booktitle = {Advances in {Neural} {Information} {Processing} {Systems} 24},
	author = {Bergstra, James and {Bardenet, Remi} and {Bengio, Yoshua} and {Kegl, Balazs}},
	year = {2011},
}

@INPROCEEDINGS{6385653,
author={Marchant, R. and Ramos, F.},
booktitle={Intelligent Robots and Systems (IROS), 2012 IEEE/RSJ International Conference on},
title={Bayesian optimisation for Intelligent Environmental Monitoring},
year={2012},
pages={2242-2249},
keywords={Bayes methods;environmental monitoring (geophysics);mean square error methods;mobile robots;optimisation;Bayesian optimisation;RMSE error;autonomous moving robot;intelligent environmental monitoring;sensing location;sensor network;spatial-temporal model;utility function;Gases;Optimization;Robot sensing systems},
month={Oct},}

@inproceedings{alonso_an_2015,
	address = {Hamburg},
	title = {Automatic {LQR} {Tuning} Based on {Gaussian} {Process} {Optimization}: {Early} {Experimental} {Results}},
	booktitle = {Proceedings of the {Second} {Machine} {Learning} in {Planning} and {Control} of {Robot} {Motion} {Workshop}},
	publisher = {IROS},
	author = {Marco, Alonso and Hennig, Philipp and Bohg, Jeannette and Schaal, Stefan and Trimpe, Sebastian},
	year = {2015},
	keywords = {bayesian-optimization, multi-task-learning, policy-search},
}
